% This file was created with JabRef 2.8.
% Encoding: UTF8

@article{kats1997a,
  author = "Kats, Vladimir and Eugene Levner",
  title = "A strongly polynomial algorithm for no-wait cyclic robotic flowshop scheduling.",
  journal = "Operations Research Letters",
  volume = 21,
  number = 4,
  year = 1997,
  pages = "171-179"
}

@article{wang2005,
  author = "Wang, Hong",
  title = "Flexible flow shop scheduling: optimum, heuristics and artificial intelligence solutions",
  journal = "Expert Systems",
  volume = 22,
  number = 2,
  year = 2005,
  pages = "78-85"
}

@article{kats1997b,
  author = "Kats, Vladimir and Eugene Levner",
  title = "Minimizing the number of robots to meet a given cyclic schedule",
  journal = "Annals of Operations Research",
  volume = 69,
  year = 1997,
  pages = "209-226"
}

@article{levner1997,
  author = "Levner, Eugene and Kats, Vladimir and {Vadim E. Levit}",
  title = "An improved algorithm for cyclic flowshop scheduling in a robotic cell",
  journal = "European Journal of Operational Research",
  volume = 97,
  number = 3,
  year = 1997,
  pages = "500-508"
}

@article{blazewicz1994,
  author = "Jacek Blazewicz et al",
  title = "Vehicle scheduling in two-cycle flexible manufacturing systems",
  journal = "Mathematical and computer modelling",
  volume = 20,
  number = 2,
  year = 1994,
  pages = "19-31"
}

@article{blazewicz198,
  author = "Blazewicz, Jacek and Pawlak Grzegorz",
  title = "Scheduling Vehicles in a Cyclic FMS - Circular Arc-Graph Model",
  journal = "Journal Europeen des Systemes Automatises",
  volume = 32,
  number = 4,
  year = 198,
  pages = "441-451"
}

@article{blazewicz1111,
  author = "Blazewicz, Jacek and Pawlak Grzegorz",
  title = "Vehicle scheduling in two-cycle flexible manufacturing systems",
  journal = "Unpublished Draft",
  volume = 13,
  year = 1111,
  pages = "199-200"
}

@article{jung2009,
  author = "Jitti Jungwattanakit et al.",
  title = "A comparison of scheduling algorithms for flexible flow shop problems with unrelated parallel machines, setup times, and dual criteria.",
  journal = "Computers \& Operations Research",
  volume = 36,
  number = 2,
  year = 2009,
  pages = "358-378"
}

@article{arth1971,
  author = "Arthanari, T. S. and K. G. Ramamurthy",
  title = "An extension of the two machines sequencing problem",
  journal = "Opsearch",
  volume = 8,
  number = 1,
  year = 1971,
  pages = "10-22"
}